
@online{resINE,
	title = {{INEbase} / Demografía y población /Fenómenos demográficos /Encuesta de fecundidad / Enlaces relacionados},
	url = {https://www.ine.es/dyngs/INEbase/es/operacion.htm?c=Estadistica_C&cid=1254736177006&menu=enlaces&idp=1254735573002},
	urldate = {2019-12-06},
	file = {INEbase / Demografía y población /Fenómenos demográficos /Encuesta de fecundidad / Enlaces relacionados:/home/usuario/Zotero/storage/KF49Z6IE/operacion.html:text/html}
}

@online{noauthor_sklearn.cluster.estimate_bandwidth_nodate,
	title = {sklearn.cluster.estimate\_bandwidth — scikit-learn 0.22 documentation},
	url = {https://scikit-learn.org/stable/modules/generated/sklearn.cluster.estimate_bandwidth.html},
	urldate = {2019-12-06},
	keywords = {bandwidth},
	file = {sklearn.cluster.estimate_bandwidth — scikit-learn 0.22 documentation:/home/usuario/Zotero/storage/8WR9EFUX/sklearn.cluster.estimate_bandwidth.html:text/html}
}
