
@online{drivendata_richters_nodate,
	title = {Richter's Predictor: Modeling Earthquake Damage},
	url = {https://www.drivendata.org/competitions/57/nepal-earthquake/},
	shorttitle = {Richter's Predictor},
	abstract = {Can you predict the level of damage to buildings caused by the 2015 Gorkha earthquake in Nepal based on aspects of building location and construction?},
	titleaddon = {{DrivenData}},
	author = {{DrivenData}},
	urldate = {2019-12-10},
	langid = {english},
	file = {Snapshot:/home/usuario/Zotero/storage/MQNTSWA3/nepal-earthquake.html:text/html}
}

@online{noauthor_starter:_nodate,
	title = {Starter: Richter's Predictor: Modeling e7f51e9e-e},
	url = {https://kaggle.com/kerneler/starter-richter-s-predictor-modeling-e7f51e9e-e},
	shorttitle = {Starter},
	abstract = {Using data from Richter's Predictor: Modeling Earthquake Damage},
	urldate = {2019-12-14},
	langid = {english},
	file = {Snapshot:/home/usuario/Zotero/storage/3GSEBY8L/starter-richter-s-predictor-modeling-e7f51e9e-e.html:text/html}
}

@online{noauthor_model_nodate,
	title = {Model for Nepal Earthquake Damage},
	url = {https://kaggle.com/jaylaksh94/model-for-nepal-earthquake-damage},
	abstract = {Using data from Richter's Predictor: Modeling Earthquake Damage},
	urldate = {2019-12-14},
	langid = {english},
	file = {Snapshot:/home/usuario/Zotero/storage/VZH45RTV/model-for-nepal-earthquake-damage.html:text/html}
}

@online{drivendata_richters_nodate-1,
	title = {Richter's Predictor: Modeling Earthquake Damage},
	url = {https://www.drivendata.org/competitions/57/nepal-earthquake/page/136/},
	shorttitle = {Richter's Predictor},
	abstract = {Can you predict the level of damage to buildings caused by the 2015 Gorkha earthquake in Nepal based on aspects of building location and construction?},
	titleaddon = {{DrivenData}},
	author = {{DrivenData}},
	urldate = {2019-12-14},
	langid = {english},
	file = {Snapshot:/home/usuario/Zotero/storage/R4MDR4VA/136.html:text/html}
}

@online{noauthor_parameters_nodate,
	title = {Parameters — {LightGBM} 2.3.2 documentation},
	url = {https://lightgbm.readthedocs.io/en/latest/Parameters.html#weight_column},
	urldate = {2019-12-19},
	file = {Parameters — LightGBM 2.3.2 documentation:/home/usuario/Zotero/storage/HUHXDXYL/Parameters.html:text/html}
}

@online{noauthor_pandas.get_dummies_nodate,
	title = {pandas.get\_dummies — pandas 0.25.3 documentation},
	url = {https://pandas.pydata.org/pandas-docs/stable/reference/api/pandas.get_dummies.html},
	urldate = {2019-12-22},
	file = {pandas.get_dummies — pandas 0.25.3 documentation:/home/usuario/Zotero/storage/LHNUS8R8/pandas.get_dummies.html:text/html}
}

@online{noauthor_1.13._nodate,
	title = {1.13. Feature selection — scikit-learn 0.22 documentation},
	url = {https://scikit-learn.org/stable/modules/feature_selection.html},
	urldate = {2019-12-23},
	file = {1.13. Feature selection — scikit-learn 0.22 documentation:/home/usuario/Zotero/storage/U8EWSL7H/feature_selection.html:text/html}
}

@online{noauthor_1.11._nodate,
	title = {1.11. Ensemble methods — scikit-learn 0.22 documentation},
	url = {https://scikit-learn.org/stable/modules/ensemble.html#forest},
	urldate = {2019-12-24},
	file = {1.11. Ensemble methods — scikit-learn 0.22 documentation:/home/usuario/Zotero/storage/3J2DACEX/ensemble.html:text/html}
}

@online{noauthor_3.2.4.3.1._nodate,
	title = {3.2.4.3.1. sklearn.ensemble.{RandomForestClassifier} — scikit-learn 0.22 documentation},
	url = {https://scikit-learn.org/stable/modules/generated/sklearn.ensemble.RandomForestClassifier.html#sklearn.ensemble.RandomForestClassifier},
	urldate = {2019-12-24},
	file = {3.2.4.3.1. sklearn.ensemble.RandomForestClassifier — scikit-learn 0.22 documentation:/home/usuario/Zotero/storage/MU7F57Y2/sklearn.ensemble.RandomForestClassifier.html:text/html}
}

@online{liu_encoding_2018,
	title = {Encoding Categorical Features},
	url = {https://towardsdatascience.com/encoding-categorical-features-21a2651a065c},
	abstract = {Introduction},
	titleaddon = {Medium},
	author = {Liu, Yang},
	urldate = {2019-12-25},
	date = {2018-09-20},
	langid = {english},
	file = {Snapshot:/home/usuario/Zotero/storage/P2HGFRVP/encoding-categorical-features-21a2651a065c.html:text/html}
}

@online{noauthor_richters_nodate,
	title = {Richter's Predictor},
	url = {https://kaggle.com/alekseyeliseev/richter-s-predictor},
	abstract = {Using data from Richter's Predictor: Modeling Earthquake Damage},
	urldate = {2019-12-25},
	langid = {english},
	file = {Snapshot:/home/usuario/Zotero/storage/K6VI3HJR/richter-s-predictor.html:text/html}
}

@online{noauthor_sklearn.feature_extraction.dictvectorizer_nodate,
	title = {sklearn.feature\_extraction.{DictVectorizer} — scikit-learn 0.22 documentation},
	url = {https://scikit-learn.org/stable/modules/generated/sklearn.feature_extraction.DictVectorizer.html},
	urldate = {2019-12-25},
	file = {sklearn.feature_extraction.DictVectorizer — scikit-learn 0.22 documentation:/home/usuario/Zotero/storage/8ZH5U67M/sklearn.feature_extraction.DictVectorizer.html:text/html}
}

@online{noauthor_xgboost_nodate,
	title = {{XGBoost} Parameters — xgboost 1.0.0-{SNAPSHOT} documentation},
	url = {https://xgboost.readthedocs.io/en/latest/parameter.html},
	urldate = {2019-12-27},
	file = {XGBoost Parameters — xgboost 1.0.0-SNAPSHOT documentation:/home/usuario/Zotero/storage/NQKNLQ2Z/parameter.html:text/html}
}

@online{noauthor_sklearn.ensemble.stackingclassifier_nodate,
	title = {sklearn.ensemble.{StackingClassifier} — scikit-learn 0.22 documentation},
	url = {https://scikit-learn.org/stable/modules/generated/sklearn.ensemble.StackingClassifier.html},
	urldate = {2019-12-28},
	file = {sklearn.ensemble.StackingClassifier — scikit-learn 0.22 documentation:/home/usuario/Zotero/storage/IME3UHDI/sklearn.ensemble.StackingClassifier.html:text/html}
}

@online{noauthor_3.6.10.5._nodate,
	title = {3.6.10.5. {tSNE} to visualize digits — Scipy lecture notes},
	url = {https://scipy-lectures.org/packages/scikit-learn/auto_examples/plot_tsne.html},
	urldate = {2019-12-28},
	file = {3.6.10.5. tSNE to visualize digits — Scipy lecture notes:/home/usuario/Zotero/storage/JW3FZQM9/plot_tsne.html:text/html}
}

@online{noauthor_sklearn.manifold.tsne_nodate,
	title = {sklearn.manifold.{TSNE} — scikit-learn 0.22 documentation},
	url = {https://scikit-learn.org/stable/modules/generated/sklearn.manifold.TSNE.html},
	urldate = {2019-12-28},
	file = {sklearn.manifold.TSNE — scikit-learn 0.22 documentation:/home/usuario/Zotero/storage/YHD6I65U/sklearn.manifold.TSNE.html:text/html}
}

@online{noauthor_tutorial_2019,
	title = {Tutorial on Outlier Detection in Python using the {PyOD} Library},
	url = {https://www.analyticsvidhya.com/blog/2019/02/outlier-detection-python-pyod/},
	abstract = {{PyOD} is an awesome outlier detection library. In this article, we will understand the concept of outlier detection and then implement it using {PyOD}.},
	titleaddon = {Analytics Vidhya},
	urldate = {2019-12-29},
	date = {2019-02-14},
	file = {Snapshot:/home/usuario/Zotero/storage/IVTYUY2D/outlier-detection-python-pyod.html:text/html}
}

@online{noauthor_sklearn.naive_bayes.complementnb_nodate,
	title = {sklearn.naive\_bayes.{ComplementNB} — scikit-learn 0.22 documentation},
	url = {https://scikit-learn.org/stable/modules/generated/sklearn.naive_bayes.ComplementNB.html},
	urldate = {2019-12-30},
	file = {sklearn.naive_bayes.ComplementNB — scikit-learn 0.22 documentation:/home/usuario/Zotero/storage/XPQIVTTS/sklearn.naive_bayes.ComplementNB.html:text/html}
}

@online{noauthor_sklearn.feature_selection.variancethreshold_nodate,
	title = {sklearn.feature\_selection.{VarianceThreshold} — scikit-learn 0.22 documentation},
	url = {https://scikit-learn.org/stable/modules/generated/sklearn.feature_selection.VarianceThreshold.html},
	urldate = {2019-12-31},
	file = {sklearn.feature_selection.VarianceThreshold — scikit-learn 0.22 documentation:/home/usuario/Zotero/storage/TZ6VVQJG/sklearn.feature_selection.VarianceThreshold.html:text/html}
}

@online{noauthor_sklearn.feature_selection.selectkbest_nodate,
	title = {sklearn.feature\_selection.{SelectKBest} — scikit-learn 0.22 documentation},
	url = {https://scikit-learn.org/stable/modules/generated/sklearn.feature_selection.SelectKBest.html#sklearn.feature_selection.SelectKBest},
	urldate = {2019-12-31},
	file = {sklearn.feature_selection.SelectKBest — scikit-learn 0.22 documentation:/home/usuario/Zotero/storage/J884VP2X/sklearn.feature_selection.SelectKBest.html:text/html}
}

@online{noauthor_parameters_nodate-1,
	title = {Parameters — {LightGBM} 2.3.2 documentation},
	url = {https://lightgbm.readthedocs.io/en/latest/Parameters.html#categorical_feature},
	urldate = {2019-12-31},
	file = {Parameters — LightGBM 2.3.2 documentation:/home/usuario/Zotero/storage/B2GEL2YN/Parameters.html:text/html}
}

@online{noauthor_umap:_nodate,
	title = {{UMAP}: Uniform Manifold Approximation and Projection for Dimension Reduction — umap 0.3 documentation},
	url = {https://umap-learn.readthedocs.io/en/latest/},
	urldate = {2019-12-31},
	file = {UMAP\: Uniform Manifold Approximation and Projection for Dimension Reduction — umap 0.3 documentation:/home/usuario/Zotero/storage/EWC9ZEX7/latest.html:text/html}
}

@online{noauthor_1.9._nodate,
	title = {1.9. Naive Bayes — scikit-learn 0.22 documentation},
	url = {https://scikit-learn.org/stable/modules/naive_bayes.html},
	urldate = {2019-12-31},
	file = {1.9. Naive Bayes — scikit-learn 0.22 documentation:/home/usuario/Zotero/storage/97V63ZQQ/naive_bayes.html:text/html}
}